
@book{aroraComplexity2009,
  title = {Computational {{Complexity}}: {{A Modern Approach}}},
  shorttitle = {Computational Complexity},
  author = {Arora, Sanjeev and Barak, Boaz},
  year = {2009},
  publisher = {{Cambridge University Press}},
  address = {{Cambridge ; New York}},
  isbn = {978-0-521-42426-4},
  lccn = {QA267.7 .A76 2009},
  keywords = {Computational complexity},
  annotation = {OCLC: ocn286431654}
}

@inproceedings{forsterCoqTM2020,
  title = {Verified {{Programming}} of {{Turing Machines}} in {{Coq}}},
  booktitle = {Proceedings of the 9th {{ACM SIGPLAN International Conference}} on {{Certified Programs}} and {{Proofs}}},
  author = {Forster, Yannick and Kunze, Fabian and Wuttke, Maximilian},
  year = {2020},
  month = jan,
  series = {{{CPP}} 2020},
  pages = {114--128},
  publisher = {{Association for Computing Machinery}},
  address = {{New York, NY, USA}},
  doi = {10.1145/3372885.3373816},
  isbn = {978-1-4503-7097-4},
  keywords = {Coq,Turing machines,universal machine,verification}
}

@book{hopcroftAutomata1979,
  title = {Introduction to {{Automata Theory}}, {{Languages}}, and {{Computation}}},
  author = {Hopcroft, John E. and Ullman, Jeffrey D.},
  year = {1979},
  series = {Addison-{{Wesley}} Series in Computer Science},
  publisher = {{Addison-Wesley}},
  address = {{Reading, Mass}},
  isbn = {978-0-201-02988-8},
  lccn = {QA267 .H56},
  keywords = {Computational complexity,Formal languages,Machine theory},
  note = {We explicitly refer to the 1st ed., as many relevant passages have been left out of more recent editions.}
}

@article{rassOwf2017,
  title = {On the {{Existence}} of {{Weak One-Way Functions}}},
  author = {Rass, Stefan},
  year = {2017},
  month = nov,
  journal = {arXiv:1609.01575 [cs]},
  eprint = {1609.01575},
  eprinttype = {arxiv},
  primaryclass = {cs},
  archiveprefix = {arXiv},
  keywords = {68Q15; 94A60,Computer Science - Computational Complexity}
}

@inproceedings{xuIsabelleTM2013,
  title = {Mechanising {{Turing Machines}} and {{Computability Theory}} in {{Isabelle}}/{{HOL}}},
  booktitle = {Interactive {{Theorem Proving}}},
  author = {Xu, Jian and Zhang, Xingyuan and Urban, Christian},
  editor = {Blazy, Sandrine and {Paulin-Mohring}, Christine and Pichardie, David},
  year = {2013},
  series = {Lecture {{Notes}} in {{Computer Science}}},
  pages = {147--162},
  publisher = {{Springer}},
  address = {{Berlin, Heidelberg}},
  doi = {10.1007/978-3-642-39634-2_13},
  isbn = {978-3-642-39634-2},
  langid = {english}
}


